<?xml version="1.0" encoding="UTF-8"?><record xmlns="http://www.loc.gov/MARC21/slim" xmlns:cinclude="http://apache.org/cocoon/include/1.0" xmlns:zs="http://www.loc.gov/zing/srw/">
  <leader>02215cz  a2200349n  4500</leader>
  <controlfield tag="001">n  94051266 </controlfield>
  <controlfield tag="003">DLC</controlfield>
  <controlfield tag="005">20000218112005.0</controlfield>
  <controlfield tag="008">940526n| acannaab|          |a aaa      </controlfield>
  <datafield tag="010" ind1=" " ind2=" ">
    <subfield code="a">n  94051266 </subfield>
  </datafield>
  <datafield tag="035" ind1=" " ind2=" ">
    <subfield code="a">(OCoLC)oca03612866</subfield>
  </datafield>
  <datafield tag="040" ind1=" " ind2=" ">
    <subfield code="a">DLC</subfield>
    <subfield code="c">DLC</subfield>
    <subfield code="d">MoSW-Mu</subfield>
    <subfield code="d">DLC</subfield>
    <subfield code="d">PPi-MA</subfield>
    <subfield code="d">PU-AML</subfield>
    <subfield code="d">DLC</subfield>
  </datafield>
  <datafield tag="100" ind1="1" ind2=" ">
    <subfield code="a">Rachmaninoff, Sergei,</subfield>
    <subfield code="d">1873-1943.</subfield>
    <subfield code="t">V molitvakh neusypai︠u︡shchui︠u︡ Bogorodit︠s︡u</subfield>
  </datafield>
  <datafield tag="400" ind1="1" ind2=" ">
    <subfield code="a">Rachmaninoff, Sergei,</subfield>
    <subfield code="d">1873-1943.</subfield>
    <subfield code="t">V molitvakh neusypai︠u︡shchui︠u︡</subfield>
  </datafield>
  <datafield tag="400" ind1="1" ind2=" ">
    <subfield code="a">Rachmaninoff, Sergei,</subfield>
    <subfield code="d">1873-1943.</subfield>
    <subfield code="t">V molitvah neusipayushtuyu</subfield>
  </datafield>
  <datafield tag="400" ind1="1" ind2=" ">
    <subfield code="a">Rachmaninoff, Sergei,</subfield>
    <subfield code="d">1873-1943.</subfield>
    <subfield code="t">Theotokos sleepeth not in her intercessions</subfield>
  </datafield>
  <datafield tag="400" ind1="1" ind2=" ">
    <subfield code="a">Rachmaninoff, Sergei,</subfield>
    <subfield code="d">1873-1943.</subfield>
    <subfield code="t">O mother of God perpetually praying</subfield>
  </datafield>
  <datafield tag="400" ind1="1" ind2=" ">
    <subfield code="a">Rachmaninoff, Sergei,</subfield>
    <subfield code="d">1873-1943.</subfield>
    <subfield code="t">Choral concerto</subfield>
  </datafield>
  <datafield tag="400" ind1="1" ind2=" ">
    <subfield code="a">Rachmaninoff, Sergei,</subfield>
    <subfield code="d">1873-1943.</subfield>
    <subfield code="t">Concertos,</subfield>
    <subfield code="m">chorus</subfield>
  </datafield>
  <datafield tag="400" ind1="1" ind2=" ">
    <subfield code="a">Rachmaninoff, Sergei,</subfield>
    <subfield code="d">1873-1943.</subfield>
    <subfield code="t">Concert for choir</subfield>
  </datafield>
  <datafield tag="400" ind1="1" ind2=" ">
    <subfield code="a">Rachmaninoff, Sergei,</subfield>
    <subfield code="d">1873-1943.</subfield>
    <subfield code="t">Kont︠s︡ert dli︠a︡ khora</subfield>
  </datafield>
  <datafield tag="400" ind1="1" ind2=" ">
    <subfield code="a">Rachmaninoff, Sergei,</subfield>
    <subfield code="d">1873-1943.</subfield>
    <subfield code="t">Chorkonzert</subfield>
  </datafield>
  <datafield tag="400" ind1="1" ind2=" ">
    <subfield code="a">Rachmaninoff, Sergei,</subfield>
    <subfield code="d">1873-1943.</subfield>
    <subfield code="t">Concerto choral</subfield>
  </datafield>
  <datafield tag="400" ind1="1" ind2=" ">
    <subfield code="a">Rachmaninoff, Sergei,</subfield>
    <subfield code="d">1873-1943.</subfield>
    <subfield code="t">Grave and death could not hold the Mother of God</subfield>
  </datafield>
  <datafield tag="400" ind1="1" ind2=" ">
    <subfield code="a">Rachmaninoff, Sergei,</subfield>
    <subfield code="d">1873-1943.</subfield>
    <subfield code="t">Die in Fürbitten unermüdliche Gottesmutter</subfield>
  </datafield>
  <datafield tag="400" ind1="1" ind2=" ">
    <subfield code="a">Rachmaninoff, Sergei,</subfield>
    <subfield code="d">1873-1943.</subfield>
    <subfield code="t">Ni le tombeau, ni la mort n'ont eu pouvoir sur la Mère de Dieu</subfield>
  </datafield>
  <datafield tag="400" ind1="1" ind2=" ">
    <subfield code="a">Rachmaninoff, Sergei,</subfield>
    <subfield code="d">1873-1943.</subfield>
    <subfield code="t">Hymn to the Holy Virgin</subfield>
  </datafield>
  <datafield tag="400" ind1="1" ind2=" ">
    <subfield code="a">Rachmaninoff, Sergei,</subfield>
    <subfield code="d">1873-1943.</subfield>
    <subfield code="t">Hymne à la Sainte Vierge</subfield>
  </datafield>
  <datafield tag="400" ind1="1" ind2=" ">
    <subfield code="a">Rachmaninoff, Sergei,</subfield>
    <subfield code="d">1873-1943.</subfield>
    <subfield code="t">Birth-giver of God constant in supplication</subfield>
  </datafield>
  <datafield tag="670" ind1=" " ind2=" ">
    <subfield code="a">Grechaninov, A.T. Suguba ektenii︠a︡ [SR] 1983?:</subfield>
    <subfield code="b">label (V molitvakh neusypai︠u︡shchui︠u︡) container (V molitvah neusipayushtuyu : The Theotokos sleepeth not in her intercessions)</subfield>
  </datafield>
  <datafield tag="670" ind1=" " ind2=" ">
    <subfield code="a">Threlfall:</subfield>
    <subfield code="b">p. 175 (V molitvakh neusypai︠u︡shchui︠u︡ Bogorodit︠s︡u = O mother of God perpetually praying; motet)</subfield>
  </datafield>
  <datafield tag="670" ind1=" " ind2=" ">
    <subfield code="a">Rachmaninoff, S. Liturgie de Saint Jean Chrysostome [SR] p1997:</subfield>
    <subfield code="b">container back (Hymn to the Holy Virgin = Hymne à la Sainte Vierge)</subfield>
  </datafield>
</record>